
@article{bruderMeasuringIndividualDifferences2013,
	title = {Measuring Individual Differences in Generic Beliefs in Conspiracy Theories Across Cultures: Conspiracy Mentality Questionnaire},
	author = {Bruder, Martin and Haffke, Peter and Neave, Nick and Nouripanah, Nina and Imhoff, Roland},
	year = {2013},
	date = {2013},
	journal = {Frontiers in Psychology},
	volume = {4},
	url = {https://www.frontiersin.org/articles/10.3389/fpsyg.2013.00225}
}

@article{lantianMeasuringBeliefConspiracy2016,
	title = {Measuring Belief in Conspiracy Theories: Validation of a French and English Single-Item Scale},
	author = {Lantian, Anthony and Muller, Dominique and Nurra, {Cécile} and Douglas, Karen M.},
	year = {2016},
	month = {02},
	date = {2016-02-04},
	journal = {International Review of Social Psychology},
	pages = {1},
	volume = {29},
	number = {1},
	doi = {10.5334/irsp.8},
	url = {https://www.rips-irsp.com/article/10.5334/irsp.8/},
	langid = {en}
}

@article{pennycookOverconfidentlyConspiratorialConspiracy2022,
	title = {Overconfidently conspiratorial: Conspiracy believers are dispositionally overconfident and massively overestimate how much others agree with them},
	author = {Pennycook, Gordon and Binnendyk, Jabin and Rand, David},
	year = {2022},
	month = {12},
	date = {2022-12-05},
	doi = {10.31234/osf.io/d5fz2},
	url = {https://osf.io/d5fz2},
	note = {Publisher: OSF},
	langid = {en-us}
}

@article{colognaTrustScientistsTheir2024,
	title = {Trust in scientists and their role in society across 67 countries},
	author = {Cologna, Viktoria and Mede, Niels G. and Berger, Sebastian and Besley, John and Brick, Cameron and Joubert, Marina and Maibach, Edward and Mihelj, Sabina and Oreskes, Naomi and {Schäfer}, Mike S. and Linden, Dr Sander van der},
	year = {2024},
	month = {02},
	date = {2024-02-06},
	doi = {10.31219/osf.io/6ay7s},
	url = {https://osf.io/6ay7s},
	note = {Publisher: OSF},
	langid = {en-us}
}
